<?xml version="1.0" encoding="UTF-8"?><collection xmlns="http://www.loc.gov/MARC21/slim"><record><leader>00575nam--2200169-i-4500</leader><controlfield tag="001">000026455</controlfield><controlfield tag="002">20161230</controlfield><controlfield tag="005">20170124002522</controlfield><controlfield tag="008">060222s1000------------r-----000-0-eng-d</controlfield><datafield ind1=" " ind2=" " tag="080"><subfield code="a">621.372</subfield></datafield><datafield ind1=" " ind2=" " tag="100"><subfield code="a">Kaufmann, A</subfield></datafield><datafield ind1=" " ind2=" " tag="245"><subfield code="a">Mise en equations et resolution des reseaux electriques en regime transitoire par la methode tensorielle. Preface de M.F.Esclangon</subfield></datafield><datafield ind1=" " ind2=" " tag="260"><subfield code="a">Ministere De L`Air</subfield><subfield code="c">1955</subfield></datafield><datafield ind1=" " ind2=" " tag="300"><subfield code="a">104 p.Cu Fig</subfield></datafield><datafield ind1=" " ind2=" " tag="490"><subfield code="a">Publications Scientifiques Et Techniques Du Ministere De L`Air. Notes Techniques</subfield></datafield><datafield ind1=" " ind2=" " tag="852"><subfield code="a">12003</subfield></datafield><datafield ind1=" " ind2=" " tag="CAT"><subfield code="a">SYS</subfield><subfield code="c">20170124</subfield><subfield code="h">002522</subfield></datafield></record></collection>